<?xml version="1.0" encoding="UTF-8"?><record xmlns="http://www.loc.gov/MARC21/slim" xmlns:cinclude="http://apache.org/cocoon/include/1.0" xmlns:zs="http://www.loc.gov/zing/srw/">
  <leader>00734cz  a2200157n  4500</leader>
  <controlfield tag="001">n  81074975 </controlfield>
  <controlfield tag="003">DLC</controlfield>
  <controlfield tag="005">20090117080022.0</controlfield>
  <controlfield tag="008">810722n| acannaabn          |a ana     c</controlfield>
  <datafield tag="010" ind1=" " ind2=" ">
    <subfield code="a">n  81074975 </subfield>
  </datafield>
  <datafield tag="035" ind1=" " ind2=" ">
    <subfield code="a">(OCoLC)oca00620270</subfield>
  </datafield>
  <datafield tag="040" ind1=" " ind2=" ">
    <subfield code="a">DGPO</subfield>
    <subfield code="b">eng</subfield>
    <subfield code="c">DLC</subfield>
    <subfield code="d">OCoLC</subfield>
  </datafield>
  <datafield tag="110" ind1="2" ind2=" ">
    <subfield code="a">United States Commission on Civil Rights.</subfield>
    <subfield code="b">West Virginia Advisory Committee</subfield>
  </datafield>
  <datafield tag="410" ind1="2" ind2=" ">
    <subfield code="a">West Virginia Advisory Committee to the U.S. Commission on Civil Rights</subfield>
  </datafield>
  <datafield tag="410" ind1="2" ind2=" ">
    <subfield code="a">West Virginia Advisory Committee to the United States Commission on Civil Rights</subfield>
  </datafield>
  <datafield tag="670" ind1=" " ind2=" ">
    <subfield code="a">Its Achieving change, 1981:</subfield>
    <subfield code="b">t.p. (West Virginia Advisory Committee to the U.S. Commission on Civil Rights; West Virginia Advisory Committee to the United States Commission on Civil Rights)</subfield>
  </datafield>
</record>